@INPROCEEDINGS{MACLEAN-2007,
	booktitle = {{IDETC/CIE 2007}},
	month = {September 4--7},
	year = {2007},
	address = {Las Vegas, USA},
	title = {Investigation of Boundary Conditions for Flexible Multibody Spacecraft Dynamics},
	author = {John R. MacLean and An Huynh and Leslie J. Quiocho}
}

@MISC{MBDYN-WWW,
	title = {{MBDyn}: Multibody Dynamics},
	note = {http://www.mbdyn.org/}
}
